@ARTICLE{krall15, 
author={Krall, J. and Menzies, T. and Davies, M.}, 
journal={Software Engineering, IEEE Transactions on}, 
title={GALE: Geometric Active Learning for Search-Based Software Engineering}, 
year={2015}, 
volume={PP}, 
number={99}, 
pages={1-1}, 
keywords={Approximation methods;Biological system modeling;Computational modeling;Optimization;Sociology;Software;Standards;Active Learning;Multi-objective optimization;Search based software engineering},
doi={10.1109/TSE.2015.2432024}, 
ISSN={0098-5589}, 
month={},}
@inproceedings{08parallel,
	title={Parallel multi-objective optimization using master-slave model on heterogeneous resources},
	author={Mostaghim, Sanaz and Branke, J{\"u}rgen and Lewis, Andrew and Schmeck, Hartmut},
	booktitle={Evolutionary Computation, 2008. CEC 2008.(IEEE World Congress on Computational Intelligence). IEEE Congress on},
	pages={1981--1987},
	year={2008},
	organization={IEEE}
}
@article{storn97,
 author = {Storn, Rainer and Price, Kenneth},
 title = {Differential Evolution \&Ndash; A Simple and Efficient Heuristic for Global Optimization over Continuous Spaces},
 journal = {J. of Global Optimization},
 issue_date = {December 1997},
 volume = {11},
 number = {4},
 month = dec,
 year = {1997},
 issn = {0925-5001},
 pages = {341--359},
 numpages = {19},
 url = {http://dx.doi.org/10.1023/A:1008202821328},
 doi = {10.1023/A:1008202821328},
 acmid = {596146},
 publisher = {Kluwer Academic Publishers},
 address = {Hingham, MA, USA},
 keywords = {Stochastic optimization, evolution strategy, genetic algorithm, global optimization, nonlinear optimization},
}

@article{faloutsos95,
 author = {Faloutsos, Christos and Lin, King-Ip},
 title = {FastMap: A Fast Algorithm for Indexing, Data-mining and Visualization of Traditional and Multimedia Datasets},
 journal = {SIGMOD Rec.},
 issue_date = {May 1995},
 volume = {24},
 number = {2},
 month = may,
 year = {1995},
 issn = {0163-5808},
 pages = {163--174},
 numpages = {12},
 url = {http://doi.acm.org/10.1145/568271.223812},
 doi = {10.1145/568271.223812},
 acmid = {223812},
 publisher = {ACM},
 address = {New York, NY, USA},
}

@InProceedings{openMPI04,
author       = {Edgar Gabriel and Graham E. Fagg and George Bosilca
              and Thara Angskun and Jack J. Dongarra and Jeffrey
              M. Squyres and Vishal Sahay and Prabhanjan Kambadur
              and Brian Barrett and Andrew Lumsdaine and Ralph
              H. Castain and David J. Daniel and Richard L. Graham
              and Timothy S. Woodall },
title        = {Open {MPI}: Goals, Concept, and Design of a Next
              Generation {MPI} Implementation},
booktitle    = {Proceedings, 11th European PVM/MPI Users' Group
              Meeting},
year         = 2004,
address      = {Budapest, Hungary},
pages        = {97--104},
month        = {September}
} 

@online {openMPITool,
author  = {http://www.open-mpi.org/},
title   = {Open MPI: Open Source High Performance Computing},
}

@online {ncsuHPC,
author  = {http://www.ncsu.edu/hpc/main.php},
title   = {High Performance Computing: North Carolina State University},
}

@online {scipy,
author  = {http://www.scipy.org/},
title   = {SciPY: Python-based ecosystem of open-source software for mathematics, science and engineering},
}

@online {numpy,
author  = {http://www.numpy.org/},
title   = {NumPy: Fundamental package for scientific computing with Python},
}

@INPROCEEDINGS{debMOEA02, 
author={Deb, K. and Thiele, L. and Laumanns, M. and Zitzler, E.}, 
booktitle={Evolutionary Computation, 2002. CEC '02. Proceedings of the 2002 Congress on}, 
title={Scalable multi-objective optimization test problems}, 
year={2002}, 
volume={1}, 
pages={825-830}, 
keywords={evolutionary computation;optimisation;Pareto-optimal front;decision variables;multi-objective evolutionary algorithms;scalable multi-objective optimization test problems;Computer networks;Design optimization;Evolutionary computation;Laboratories;Mechanical engineering;Optimal control;Scalability;Shape control;System testing;Visualization}, 
doi={10.1109/CEC.2002.1007032}, 
month={May},}
@article{goldberg1989genetic,
	title={Genetic Algorithm in Search, Optimization and Machine Learning, Addison},
	author={Goldberg, David E},
	journal={W esley Publishing Company, R eading, MA},
	volume={1},
	number={98},
	pages={9},
	year={1989}
}
